<record><leader>00000cas a22000007a 4500</leader><controlfield tag="001">10514891</controlfield><controlfield tag="008">840313d18531879pauwr ne      0    0eng d</controlfield><datafield ind1=" " ind2=" " tag="010"><subfield code="a">sn 84026589 </subfield></datafield><datafield ind1=" " ind2=" " tag="040"><subfield code="a">NPU</subfield><subfield code="b">eng</subfield><subfield code="c">NPU</subfield><subfield code="d">UNP</subfield><subfield code="d">NPA</subfield><subfield code="d">NPH</subfield><subfield code="d">NPX</subfield><subfield code="d">NPH</subfield><subfield code="d">DLC</subfield><subfield code="d">NPH</subfield><subfield code="d">ANU</subfield><subfield code="d">MGN</subfield><subfield code="d">TGN</subfield><subfield code="d">OCL</subfield><subfield code="d">OCLCF</subfield><subfield code="d">OCLCO</subfield></datafield><datafield ind1="1" ind2=" " tag="029"><subfield code="a">AU@</subfield><subfield code="b">000025785194</subfield></datafield><datafield ind1=" " ind2=" " tag="042"><subfield code="a">msc</subfield></datafield><datafield ind1="0" ind2="0" tag="050"><subfield code="a">Newspaper 9375-X</subfield></datafield><datafield ind1="0" ind2="4" tag="245"><subfield code="a">The Luzerne union.</subfield></datafield><datafield ind1="0" ind2="3" tag="246"><subfield code="a">Weekly union</subfield></datafield><datafield ind1=" " ind2=" " tag="260"><subfield code="a">Wilkes-Barre, Pa. :</subfield><subfield code="b">S.S. Benedict,</subfield><subfield code="c">1853-1879.</subfield></datafield><datafield ind1=" " ind2=" " tag="300"><subfield code="a">v. :</subfield><subfield code="b">ill. (chiefly advertisements) ;</subfield><subfield code="c">65-76 cm.</subfield></datafield><datafield ind1=" " ind2=" " tag="310"><subfield code="a">Weekly</subfield></datafield><datafield ind1="0" ind2=" " tag="362"><subfield code="a">New ser., v. 1, no. 1 (Jan. 19, 1853)-v. 2, no. 1 (Jan. 18, 1854) ; v. 2, no. 2 (Jan. 25, 1854)-v. 30, no. 11 (Jan. 8, 1879).</subfield></datafield><datafield ind1=" " ind2=" " tag="500"><subfield code="a">Has occasional extra editions.</subfield></datafield><datafield ind1=" " ind2=" " tag="500"><subfield code="a">Publisher: S.S. Winchester &amp; P.K. Barger, &lt;1854&gt;; W.H. Hibbs, &lt;1866&gt;-1869; Hibbs &amp; Lynn, 1869-   ; Beardslee &amp; Co., &lt;1875&gt;-</subfield></datafield><datafield ind1=" " ind2=" " tag="500"><subfield code="a">Editor: M. Hannum, &lt;1860&gt;.</subfield></datafield><datafield ind1=" " ind2=" " tag="515"><subfield code="a">Issues for    -Jan. 8, 1879 called also    -whole no. 1511.</subfield></datafield><datafield ind1=" " ind2=" " tag="530"><subfield code="a">Also available on microfilm from Bell and Howell.</subfield></datafield><datafield ind1=" " ind2=" " tag="580"><subfield code="a">Daily ed.: Wilkes-Barre daily.</subfield></datafield><datafield ind1=" " ind2="0" tag="651"><subfield code="a">Wilkes-Barre (Pa.)</subfield><subfield code="v">Newspapers.</subfield></datafield><datafield ind1=" " ind2="7" tag="655"><subfield code="a">Newspapers.</subfield><subfield code="2">fast</subfield><subfield code="0">(OCoLC)fst01423814</subfield></datafield><datafield ind1=" " ind2="7" tag="651"><subfield code="a">Pennsylvania</subfield><subfield code="z">Wilkes-Barre.</subfield><subfield code="2">fast</subfield><subfield code="0">(OCoLC)fst01205407</subfield></datafield><datafield ind1=" " ind2=" " tag="752"><subfield code="a">United States</subfield><subfield code="b">Pennsylvania</subfield><subfield code="c">Luzerne</subfield><subfield code="d">Wilkes-Barre.</subfield></datafield><datafield ind1="1" ind2=" " tag="775"><subfield code="t">Wilkes-Barre daily</subfield><subfield code="w">(DLC)sn 86054066</subfield></datafield><datafield ind1="0" ind2="4" tag="780"><subfield code="t">Luzerne Democrat</subfield><subfield code="w">(DLC)sn 86054065</subfield></datafield><datafield ind1="0" ind2="4" tag="780"><subfield code="t">Republican farmer, and Democratic journal</subfield><subfield code="w">(DLC)sn 85036132</subfield></datafield><datafield ind1="0" ind2="7" tag="785"><subfield code="t">Leader (Wilkes-Barre, Pa.)</subfield><subfield code="w">(DLC)sn 87078091</subfield><subfield code="w">(OCoLC)14233335</subfield></datafield><datafield ind1="0" ind2="7" tag="785"><subfield code="t">Union leader (Wilkes-Barre, Pa.)</subfield><subfield code="w">(DLC)sn 87080007</subfield></datafield></record>